<record xmlns="http://www.loc.gov/MARC21/slim" xmlns:xsi="http://www.w3.org/2001/XMLSchema-instance" xsi:schemaLocation="http://www.loc.gov/MARC21/slim http://www.loc.gov/standards/marcxml/schema/MARC21slim.xsd"><leader>01226nam a2200277   4500</leader><controlfield tag="001">001677157</controlfield><controlfield tag="003">NNU</controlfield><controlfield tag="006">m        d        </controlfield><controlfield tag="007">cr cn |||m|||a</controlfield><controlfield tag="008">150116m19629999iq      o     000 0 arard</controlfield><datafield ind1=" " ind2=" " tag="040"><subfield code="a">NNU</subfield><subfield code="b">eng</subfield><subfield code="c">NNU</subfield></datafield><datafield ind1="1" ind2=" " tag="100"><subfield code="a">Shaykh R&#257;&#7693;&#299;, Taq&#299;.</subfield></datafield><datafield ind1="1" ind2="0" tag="245"><subfield code="a">S&#299;rat Ya&#699;q&#363;b Is&#7717;&#257;q al-Kind&#299; wa-falsafatuh</subfield><subfield code="h">[electronic resource] /</subfield><subfield code="c">[ta'l&#299;f] Taq&#299; al-Shaykh R&#257;&#7693;&#299;.</subfield></datafield><datafield ind1=" " ind2=" " tag="250"><subfield code="a">[al-&#7788;ab&#699;ah 1]</subfield></datafield><datafield ind1=" " ind2=" " tag="260"><subfield code="a">Baghd&#257;d,</subfield><subfield code="b">Ma&#7789;ba&#699;at Salm&#257;n al-A&#699;&#7827;am&#299;,</subfield><subfield code="c">[1962-]</subfield></datafield><datafield ind1=" " ind2=" " tag="300"><subfield code="a">online resource (v.)</subfield></datafield><datafield ind1=" " ind2=" " tag="500"><subfield code="a">Includes a bibliography of al-Kind&#299;'s works (v.1, pp. 62-86).</subfield></datafield><datafield ind1=" " ind2=" " tag="500"><subfield code="a">Part of the Arabic Collections Online (ACO) project, contributed by New York Univeristy Libraries.</subfield></datafield><datafield ind1=" " ind2=" " tag="533"><subfield code="a">Electronic reproduction.</subfield><subfield code="b">New York, N.Y. :</subfield><subfield code="c">New York University,</subfield><subfield code="d">2015.</subfield><subfield code="5">NNU</subfield></datafield><datafield ind1="0" ind2="0" tag="600"><subfield code="a">Kind&#299;,</subfield><subfield code="d">d. ca. 873.</subfield></datafield><datafield ind1="2" ind2=" " tag="710"><subfield code="a">New York University.</subfield><subfield code="b">Libraries.</subfield></datafield><datafield ind1="0" ind2=" " tag="730"><subfield code="a">Arabic Collections Online.</subfield></datafield><datafield ind1="0" ind2="8" tag="776"><subfield code="i">Print version:</subfield><subfield code="a">Shaykh R&#257;&#7693;&#299;, Taq&#299;.</subfield><subfield code="t">S&#299;rat Ya&#699;q&#363;b Is&#7717;&#257;q al-Kind&#299; wa-falsafatuh</subfield><subfield code="w">(NNU)001677157</subfield><subfield code="w">(DLC)ne 67001634</subfield></datafield><datafield ind1="4" ind2="0" tag="856"><subfield code="u">http://hdl.handle.net/2333.1/6t1g1n4z</subfield></datafield><datafield ind1=" " ind2=" " tag="959"><subfield code="a">NNU</subfield><subfield code="b">WEB</subfield><subfield code="c">GENI</subfield><subfield code="t">0</subfield><subfield code="m">Electronic access</subfield><subfield code="s">01</subfield></datafield><datafield ind1=" " ind2=" " tag="999"><subfield code="i">NNU_001677157</subfield><subfield code="o" /><subfield code="e">(ERROR-880)</subfield></datafield></record>